This file was created with JabRef 2.2.
Encoding: UTF8

@INPROCEEDINGS{ACC07_WeisselHuber,
  author = {Florian Weissel and Marco F. Huber and Uwe D. Hanebeck},
  title = {{E}fficient {C}ontrol of {N}onlinear {N}oise--{C}orrupted {S}ystems {U}sing a {N}ovel {M}odel {P}redictive {C}ontrol {F}ramework},
  booktitle = {Proceedings of the 2007 American Control Conference (ACC 2007)},
  year = {2007},
  pages = {3751--3756},
  address = {New York, New York},
  month = jul
}

@ARTICLE{ITM07_BrunnSawo,
  author = {Dietrich Brunn and Felix Sawo and Uwe D. Hanebeck},
  title = {{M}odellbasierte {V}ermessung verteilter {P}h{\"a}nomene und {G}enerierung optimaler {M}esssequenzen},
  journal = {tm - Technisches Messen, Oldenbourg Verlag},
  year = {2007},
  volume = {3},
  pages = {75--90},
  month = mar,
  publisher = {Universit{\"a}tsverlag Karlsruhe}
}

@misc{kinectruntime,
  author = {Microsoft},
  title = {{Kinect for Windows Runtime}},
  howpublished = "\url{https://www.microsoft.com/en-us/download/details.aspx?id=44559}",
  year = {2014}, 
  note = "[Online; accessed 15-July-2016]"
}

@misc{kinectsdk,
  author = {Microsoft},
  title = {{Kinect for Windows SDK 2.0}},
  howpublished = "\url{https://www.microsoft.com/en-us/download/details.aspx?id=44561}",
  year = {2014}, 
  note = "[Online; accessed 15-July-2016]"
}

@misc{k4w,
  author = {Leon Rosengarten},
  title = {{Kinect 4 Windows v2.0 Plugin}},
  howpublished = "\url{https://github.com/lion03/KinectDemoRoom}",
  year = {2015}, 
  note = "[Online; accessed 15-July-2016]"
}

@misc{k4wIssues,
  author = {Leon Rosengarten},
  title = {{Kinect 4 Windows v2.0 Plugin: Issues}},
  howpublished = "\url{https://github.com/lion03/KinectDemoRoom/issues/1}",
  year = {2015}, 
  note = "[Online; accessed 15-July-2016]"
}

@misc{lidar,
  author = {jumi1174},
  title = {{Trying to implement LIDAR / Point Cloud graphic features}},
  howpublished = "\url{https://forums.unrealengine.com/showthread.php?74704-Trying-to-implement-LIDAR-Point-Cloud-graphic-features-new-to-UE4-and-game-engines}",
  year = {2015}, 
  note = "[Online; accessed 15-July-2016]"
}


@comment{jabref-meta: selector_publisher:}

@comment{jabref-meta: selector_author:}

@comment{jabref-meta: selector_journal:}

@comment{jabref-meta: selector_keywords:}

